%YAML 1.1
%TAG !u! tag:unity3d.com,2011:
--- !u!1 &3394753243969910754
GameObject:
  m_ObjectHideFlags: 0
  m_CorrespondingSourceObject: {fileID: 0}
  m_PrefabInstance: {fileID: 0}
  m_PrefabAsset: {fileID: 0}
  serializedVersion: 6
  m_Component:
  - component: {fileID: 3394753243969910755}
  m_Layer: 0
  m_Name: Environment
  m_TagString: Untagged
  m_Icon: {fileID: 0}
  m_NavMeshLayer: 0
  m_StaticEditorFlags: 4294967295
  m_IsActive: 1
--- !u!4 &3394753243969910755
Transform:
  m_ObjectHideFlags: 0
  m_CorrespondingSourceObject: {fileID: 0}
  m_PrefabInstance: {fileID: 0}
  m_PrefabAsset: {fileID: 0}
  m_GameObject: {fileID: 3394753243969910754}
  m_LocalRotation: {x: 0, y: 0, z: 0, w: 1}
  m_LocalPosition: {x: 0, y: 0, z: 0}
  m_LocalScale: {x: 1, y: 1, z: 1}
  m_Children:
  - {fileID: 3394753244003169975}
  - {fileID: 3394753243631537346}
  - {fileID: 3394753244497683105}
  - {fileID: 3394753244546681727}
  - {fileID: 3394753244193962028}
  - {fileID: 3394753243369925539}
  - {fileID: 3394753243495829003}
  - {fileID: 3394753243560881381}
  - {fileID: 3394753244269843650}
  m_Father: {fileID: 0}
  m_RootOrder: 0
  m_LocalEulerAnglesHint: {x: 0, y: 0, z: 0}
--- !u!1001 &3394753243370058019
PrefabInstance:
  m_ObjectHideFlags: 0
  serializedVersion: 2
  m_Modification:
    m_TransformParent: {fileID: 3394753243969910755}
    m_Modifications:
    - target: {fileID: 100000, guid: 90d8e09703679534295bd2cacb73d6de, type: 3}
      propertyPath: m_Name
      value: CubePrototype08x08x08
      objectReference: {fileID: 0}
    - target: {fileID: 100000, guid: 90d8e09703679534295bd2cacb73d6de, type: 3}
      propertyPath: m_StaticEditorFlags
      value: 4294967295
      objectReference: {fileID: 0}
    - target: {fileID: 400000, guid: 90d8e09703679534295bd2cacb73d6de, type: 3}
      propertyPath: m_RootOrder
      value: 5
      objectReference: {fileID: 0}
    - target: {fileID: 400000, guid: 90d8e09703679534295bd2cacb73d6de, type: 3}
      propertyPath: m_LocalPosition.x
      value: -53.6
      objectReference: {fileID: 0}
    - target: {fileID: 400000, guid: 90d8e09703679534295bd2cacb73d6de, type: 3}
      propertyPath: m_LocalPosition.y
      value: 0
      objectReference: {fileID: 0}
    - target: {fileID: 400000, guid: 90d8e09703679534295bd2cacb73d6de, type: 3}
      propertyPath: m_LocalPosition.z
      value: 0
      objectReference: {fileID: 0}
    - target: {fileID: 400000, guid: 90d8e09703679534295bd2cacb73d6de, type: 3}
      propertyPath: m_LocalRotation.w
      value: 1
      objectReference: {fileID: 0}
    - target: {fileID: 400000, guid: 90d8e09703679534295bd2cacb73d6de, type: 3}
      propertyPath: m_LocalRotation.x
      value: 0
      objectReference: {fileID: 0}
    - target: {fileID: 400000, guid: 90d8e09703679534295bd2cacb73d6de, type: 3}
      propertyPath: m_LocalRotation.y
      value: 0
      objectReference: {fileID: 0}
    - target: {fileID: 400000, guid: 90d8e09703679534295bd2cacb73d6de, type: 3}
      propertyPath: m_LocalRotation.z
      value: 0
      objectReference: {fileID: 0}
    - target: {fileID: 400000, guid: 90d8e09703679534295bd2cacb73d6de, type: 3}
      propertyPath: m_LocalEulerAnglesHint.x
      value: 0
      objectReference: {fileID: 0}
    - target: {fileID: 400000, guid: 90d8e09703679534295bd2cacb73d6de, type: 3}
      propertyPath: m_LocalEulerAnglesHint.y
      value: 0
      objectReference: {fileID: 0}
    - target: {fileID: 400000, guid: 90d8e09703679534295bd2cacb73d6de, type: 3}
      propertyPath: m_LocalEulerAnglesHint.z
      value: 0
      objectReference: {fileID: 0}
    m_RemovedComponents: []
  m_SourcePrefab: {fileID: 100100000, guid: 90d8e09703679534295bd2cacb73d6de, type: 3}
--- !u!4 &3394753243369925539 stripped
Transform:
  m_CorrespondingSourceObject: {fileID: 400000, guid: 90d8e09703679534295bd2cacb73d6de, type: 3}
  m_PrefabInstance: {fileID: 3394753243370058019}
  m_PrefabAsset: {fileID: 0}
--- !u!1001 &3394753243495699595
PrefabInstance:
  m_ObjectHideFlags: 0
  serializedVersion: 2
  m_Modification:
    m_TransformParent: {fileID: 3394753243969910755}
    m_Modifications:
    - target: {fileID: 100000, guid: 44884af1ac1d64d42902da40268ba120, type: 3}
      propertyPath: m_Name
      value: PillarPrototype02x08x02
      objectReference: {fileID: 0}
    - target: {fileID: 100000, guid: 44884af1ac1d64d42902da40268ba120, type: 3}
      propertyPath: m_StaticEditorFlags
      value: 4294967295
      objectReference: {fileID: 0}
    - target: {fileID: 400000, guid: 44884af1ac1d64d42902da40268ba120, type: 3}
      propertyPath: m_RootOrder
      value: 6
      objectReference: {fileID: 0}
    - target: {fileID: 400000, guid: 44884af1ac1d64d42902da40268ba120, type: 3}
      propertyPath: m_LocalScale.x
      value: 1
      objectReference: {fileID: 0}
    - target: {fileID: 400000, guid: 44884af1ac1d64d42902da40268ba120, type: 3}
      propertyPath: m_LocalScale.y
      value: 1
      objectReference: {fileID: 0}
    - target: {fileID: 400000, guid: 44884af1ac1d64d42902da40268ba120, type: 3}
      propertyPath: m_LocalScale.z
      value: 1
      objectReference: {fileID: 0}
    - target: {fileID: 400000, guid: 44884af1ac1d64d42902da40268ba120, type: 3}
      propertyPath: m_LocalPosition.x
      value: 0
      objectReference: {fileID: 0}
    - target: {fileID: 400000, guid: 44884af1ac1d64d42902da40268ba120, type: 3}
      propertyPath: m_LocalPosition.y
      value: 0
      objectReference: {fileID: 0}
    - target: {fileID: 400000, guid: 44884af1ac1d64d42902da40268ba120, type: 3}
      propertyPath: m_LocalPosition.z
      value: 31.1
      objectReference: {fileID: 0}
    - target: {fileID: 400000, guid: 44884af1ac1d64d42902da40268ba120, type: 3}
      propertyPath: m_LocalRotation.w
      value: 1
      objectReference: {fileID: 0}
    - target: {fileID: 400000, guid: 44884af1ac1d64d42902da40268ba120, type: 3}
      propertyPath: m_LocalRotation.x
      value: 0
      objectReference: {fileID: 0}
    - target: {fileID: 400000, guid: 44884af1ac1d64d42902da40268ba120, type: 3}
      propertyPath: m_LocalRotation.y
      value: 0
      objectReference: {fileID: 0}
    - target: {fileID: 400000, guid: 44884af1ac1d64d42902da40268ba120, type: 3}
      propertyPath: m_LocalRotation.z
      value: 0
      objectReference: {fileID: 0}
    - target: {fileID: 400000, guid: 44884af1ac1d64d42902da40268ba120, type: 3}
      propertyPath: m_LocalEulerAnglesHint.x
      value: 0
      objectReference: {fileID: 0}
    - target: {fileID: 400000, guid: 44884af1ac1d64d42902da40268ba120, type: 3}
      propertyPath: m_LocalEulerAnglesHint.y
      value: 0
      objectReference: {fileID: 0}
    - target: {fileID: 400000, guid: 44884af1ac1d64d42902da40268ba120, type: 3}
      propertyPath: m_LocalEulerAnglesHint.z
      value: 0
      objectReference: {fileID: 0}
    m_RemovedComponents: []
  m_SourcePrefab: {fileID: 100100000, guid: 44884af1ac1d64d42902da40268ba120, type: 3}
--- !u!4 &3394753243495829003 stripped
Transform:
  m_CorrespondingSourceObject: {fileID: 400000, guid: 44884af1ac1d64d42902da40268ba120, type: 3}
  m_PrefabInstance: {fileID: 3394753243495699595}
  m_PrefabAsset: {fileID: 0}
--- !u!1001 &3394753243560752741
PrefabInstance:
  m_ObjectHideFlags: 0
  serializedVersion: 2
  m_Modification:
    m_TransformParent: {fileID: 3394753243969910755}
    m_Modifications:
    - target: {fileID: 100000, guid: ff3366103894bec429eeaa9b86b595e6, type: 3}
      propertyPath: m_Name
      value: BoxPile
      objectReference: {fileID: 0}
    - target: {fileID: 100000, guid: ff3366103894bec429eeaa9b86b595e6, type: 3}
      propertyPath: m_StaticEditorFlags
      value: 4294967295
      objectReference: {fileID: 0}
    - target: {fileID: 100002, guid: ff3366103894bec429eeaa9b86b595e6, type: 3}
      propertyPath: m_StaticEditorFlags
      value: 4294967295
      objectReference: {fileID: 0}
    - target: {fileID: 100004, guid: ff3366103894bec429eeaa9b86b595e6, type: 3}
      propertyPath: m_StaticEditorFlags
      value: 4294967295
      objectReference: {fileID: 0}
    - target: {fileID: 100006, guid: ff3366103894bec429eeaa9b86b595e6, type: 3}
      propertyPath: m_StaticEditorFlags
      value: 4294967295
      objectReference: {fileID: 0}
    - target: {fileID: 100008, guid: ff3366103894bec429eeaa9b86b595e6, type: 3}
      propertyPath: m_StaticEditorFlags
      value: 4294967295
      objectReference: {fileID: 0}
    - target: {fileID: 100010, guid: ff3366103894bec429eeaa9b86b595e6, type: 3}
      propertyPath: m_StaticEditorFlags
      value: 4294967295
      objectReference: {fileID: 0}
    - target: {fileID: 400000, guid: ff3366103894bec429eeaa9b86b595e6, type: 3}
      propertyPath: m_RootOrder
      value: 7
      objectReference: {fileID: 0}
    - target: {fileID: 400000, guid: ff3366103894bec429eeaa9b86b595e6, type: 3}
      propertyPath: m_LocalPosition.x
      value: -30.9
      objectReference: {fileID: 0}
    - target: {fileID: 400000, guid: ff3366103894bec429eeaa9b86b595e6, type: 3}
      propertyPath: m_LocalPosition.y
      value: 0
      objectReference: {fileID: 0}
    - target: {fileID: 400000, guid: ff3366103894bec429eeaa9b86b595e6, type: 3}
      propertyPath: m_LocalPosition.z
      value: 23.5
      objectReference: {fileID: 0}
    - target: {fileID: 400000, guid: ff3366103894bec429eeaa9b86b595e6, type: 3}
      propertyPath: m_LocalRotation.w
      value: 1
      objectReference: {fileID: 0}
    - target: {fileID: 400000, guid: ff3366103894bec429eeaa9b86b595e6, type: 3}
      propertyPath: m_LocalRotation.x
      value: 0
      objectReference: {fileID: 0}
    - target: {fileID: 400000, guid: ff3366103894bec429eeaa9b86b595e6, type: 3}
      propertyPath: m_LocalRotation.y
      value: 0
      objectReference: {fileID: 0}
    - target: {fileID: 400000, guid: ff3366103894bec429eeaa9b86b595e6, type: 3}
      propertyPath: m_LocalRotation.z
      value: 0
      objectReference: {fileID: 0}
    - target: {fileID: 400000, guid: ff3366103894bec429eeaa9b86b595e6, type: 3}
      propertyPath: m_LocalEulerAnglesHint.x
      value: 0
      objectReference: {fileID: 0}
    - target: {fileID: 400000, guid: ff3366103894bec429eeaa9b86b595e6, type: 3}
      propertyPath: m_LocalEulerAnglesHint.y
      value: 0
      objectReference: {fileID: 0}
    - target: {fileID: 400000, guid: ff3366103894bec429eeaa9b86b595e6, type: 3}
      propertyPath: m_LocalEulerAnglesHint.z
      value: 0
      objectReference: {fileID: 0}
    m_RemovedComponents: []
  m_SourcePrefab: {fileID: 100100000, guid: ff3366103894bec429eeaa9b86b595e6, type: 3}
--- !u!4 &3394753243560881381 stripped
Transform:
  m_CorrespondingSourceObject: {fileID: 400000, guid: ff3366103894bec429eeaa9b86b595e6, type: 3}
  m_PrefabInstance: {fileID: 3394753243560752741}
  m_PrefabAsset: {fileID: 0}
--- !u!1001 &3394753243631670850
PrefabInstance:
  m_ObjectHideFlags: 0
  serializedVersion: 2
  m_Modification:
    m_TransformParent: {fileID: 3394753243969910755}
    m_Modifications:
    - target: {fileID: 100000, guid: 4e11ef4f39bc65e44a4b0755ecac6ea1, type: 3}
      propertyPath: m_Name
      value: RampPrototype04x02x02
      objectReference: {fileID: 0}
    - target: {fileID: 400000, guid: 4e11ef4f39bc65e44a4b0755ecac6ea1, type: 3}
      propertyPath: m_RootOrder
      value: 1
      objectReference: {fileID: 0}
    - target: {fileID: 400000, guid: 4e11ef4f39bc65e44a4b0755ecac6ea1, type: 3}
      propertyPath: m_LocalScale.x
      value: 1
      objectReference: {fileID: 0}
    - target: {fileID: 400000, guid: 4e11ef4f39bc65e44a4b0755ecac6ea1, type: 3}
      propertyPath: m_LocalScale.y
      value: 1
      objectReference: {fileID: 0}
    - target: {fileID: 400000, guid: 4e11ef4f39bc65e44a4b0755ecac6ea1, type: 3}
      propertyPath: m_LocalScale.z
      value: 1
      objectReference: {fileID: 0}
    - target: {fileID: 400000, guid: 4e11ef4f39bc65e44a4b0755ecac6ea1, type: 3}
      propertyPath: m_LocalPosition.x
      value: 18.06
      objectReference: {fileID: 0}
    - target: {fileID: 400000, guid: 4e11ef4f39bc65e44a4b0755ecac6ea1, type: 3}
      propertyPath: m_LocalPosition.y
      value: 0
      objectReference: {fileID: 0}
    - target: {fileID: 400000, guid: 4e11ef4f39bc65e44a4b0755ecac6ea1, type: 3}
      propertyPath: m_LocalPosition.z
      value: 0
      objectReference: {fileID: 0}
    - target: {fileID: 400000, guid: 4e11ef4f39bc65e44a4b0755ecac6ea1, type: 3}
      propertyPath: m_LocalRotation.w
      value: 1
      objectReference: {fileID: 0}
    - target: {fileID: 400000, guid: 4e11ef4f39bc65e44a4b0755ecac6ea1, type: 3}
      propertyPath: m_LocalRotation.x
      value: 0
      objectReference: {fileID: 0}
    - target: {fileID: 400000, guid: 4e11ef4f39bc65e44a4b0755ecac6ea1, type: 3}
      propertyPath: m_LocalRotation.y
      value: 0
      objectReference: {fileID: 0}
    - target: {fileID: 400000, guid: 4e11ef4f39bc65e44a4b0755ecac6ea1, type: 3}
      propertyPath: m_LocalRotation.z
      value: 0
      objectReference: {fileID: 0}
    - target: {fileID: 400000, guid: 4e11ef4f39bc65e44a4b0755ecac6ea1, type: 3}
      propertyPath: m_LocalEulerAnglesHint.x
      value: 0
      objectReference: {fileID: 0}
    - target: {fileID: 400000, guid: 4e11ef4f39bc65e44a4b0755ecac6ea1, type: 3}
      propertyPath: m_LocalEulerAnglesHint.y
      value: 0
      objectReference: {fileID: 0}
    - target: {fileID: 400000, guid: 4e11ef4f39bc65e44a4b0755ecac6ea1, type: 3}
      propertyPath: m_LocalEulerAnglesHint.z
      value: 0
      objectReference: {fileID: 0}
    m_RemovedComponents: []
  m_SourcePrefab: {fileID: 100100000, guid: 4e11ef4f39bc65e44a4b0755ecac6ea1, type: 3}
--- !u!4 &3394753243631537346 stripped
Transform:
  m_CorrespondingSourceObject: {fileID: 400000, guid: 4e11ef4f39bc65e44a4b0755ecac6ea1, type: 3}
  m_PrefabInstance: {fileID: 3394753243631670850}
  m_PrefabAsset: {fileID: 0}
--- !u!1001 &3394753244003560503
PrefabInstance:
  m_ObjectHideFlags: 0
  serializedVersion: 2
  m_Modification:
    m_TransformParent: {fileID: 3394753243969910755}
    m_Modifications:
    - target: {fileID: 100000, guid: d85d3a32fb6157d488e31edf82b7b1c4, type: 3}
      propertyPath: m_Name
      value: StepsPrototype04x02x02
      objectReference: {fileID: 0}
    - target: {fileID: 100000, guid: d85d3a32fb6157d488e31edf82b7b1c4, type: 3}
      propertyPath: m_StaticEditorFlags
      value: 4294967295
      objectReference: {fileID: 0}
    - target: {fileID: 400000, guid: d85d3a32fb6157d488e31edf82b7b1c4, type: 3}
      propertyPath: m_RootOrder
      value: 0
      objectReference: {fileID: 0}
    - target: {fileID: 400000, guid: d85d3a32fb6157d488e31edf82b7b1c4, type: 3}
      propertyPath: m_LocalScale.x
      value: 1
      objectReference: {fileID: 0}
    - target: {fileID: 400000, guid: d85d3a32fb6157d488e31edf82b7b1c4, type: 3}
      propertyPath: m_LocalScale.y
      value: 1
      objectReference: {fileID: 0}
    - target: {fileID: 400000, guid: d85d3a32fb6157d488e31edf82b7b1c4, type: 3}
      propertyPath: m_LocalScale.z
      value: 1
      objectReference: {fileID: 0}
    - target: {fileID: 400000, guid: d85d3a32fb6157d488e31edf82b7b1c4, type: 3}
      propertyPath: m_LocalPosition.x
      value: -34
      objectReference: {fileID: 0}
    - target: {fileID: 400000, guid: d85d3a32fb6157d488e31edf82b7b1c4, type: 3}
      propertyPath: m_LocalPosition.y
      value: 0
      objectReference: {fileID: 0}
    - target: {fileID: 400000, guid: d85d3a32fb6157d488e31edf82b7b1c4, type: 3}
      propertyPath: m_LocalPosition.z
      value: 0
      objectReference: {fileID: 0}
    - target: {fileID: 400000, guid: d85d3a32fb6157d488e31edf82b7b1c4, type: 3}
      propertyPath: m_LocalRotation.w
      value: 1
      objectReference: {fileID: 0}
    - target: {fileID: 400000, guid: d85d3a32fb6157d488e31edf82b7b1c4, type: 3}
      propertyPath: m_LocalRotation.x
      value: 0
      objectReference: {fileID: 0}
    - target: {fileID: 400000, guid: d85d3a32fb6157d488e31edf82b7b1c4, type: 3}
      propertyPath: m_LocalRotation.y
      value: 0
      objectReference: {fileID: 0}
    - target: {fileID: 400000, guid: d85d3a32fb6157d488e31edf82b7b1c4, type: 3}
      propertyPath: m_LocalRotation.z
      value: 0
      objectReference: {fileID: 0}
    - target: {fileID: 400000, guid: d85d3a32fb6157d488e31edf82b7b1c4, type: 3}
      propertyPath: m_LocalEulerAnglesHint.x
      value: 0
      objectReference: {fileID: 0}
    - target: {fileID: 400000, guid: d85d3a32fb6157d488e31edf82b7b1c4, type: 3}
      propertyPath: m_LocalEulerAnglesHint.y
      value: 0
      objectReference: {fileID: 0}
    - target: {fileID: 400000, guid: d85d3a32fb6157d488e31edf82b7b1c4, type: 3}
      propertyPath: m_LocalEulerAnglesHint.z
      value: 0
      objectReference: {fileID: 0}
    m_RemovedComponents: []
  m_SourcePrefab: {fileID: 100100000, guid: d85d3a32fb6157d488e31edf82b7b1c4, type: 3}
--- !u!4 &3394753244003169975 stripped
Transform:
  m_CorrespondingSourceObject: {fileID: 400000, guid: d85d3a32fb6157d488e31edf82b7b1c4, type: 3}
  m_PrefabInstance: {fileID: 3394753244003560503}
  m_PrefabAsset: {fileID: 0}
--- !u!1001 &3394753244194349740
PrefabInstance:
  m_ObjectHideFlags: 0
  serializedVersion: 2
  m_Modification:
    m_TransformParent: {fileID: 3394753243969910755}
    m_Modifications:
    - target: {fileID: 100000, guid: 4620f3c93dca8c94c9124d8ba443f43e, type: 3}
      propertyPath: m_Name
      value: FloorPrototype04x01x04
      objectReference: {fileID: 0}
    - target: {fileID: 100000, guid: 4620f3c93dca8c94c9124d8ba443f43e, type: 3}
      propertyPath: m_StaticEditorFlags
      value: 4294967295
      objectReference: {fileID: 0}
    - target: {fileID: 400000, guid: 4620f3c93dca8c94c9124d8ba443f43e, type: 3}
      propertyPath: m_RootOrder
      value: 4
      objectReference: {fileID: 0}
    - target: {fileID: 400000, guid: 4620f3c93dca8c94c9124d8ba443f43e, type: 3}
      propertyPath: m_LocalScale.x
      value: 1
      objectReference: {fileID: 0}
    - target: {fileID: 400000, guid: 4620f3c93dca8c94c9124d8ba443f43e, type: 3}
      propertyPath: m_LocalScale.z
      value: 1
      objectReference: {fileID: 0}
    - target: {fileID: 400000, guid: 4620f3c93dca8c94c9124d8ba443f43e, type: 3}
      propertyPath: m_LocalPosition.x
      value: 0
      objectReference: {fileID: 0}
    - target: {fileID: 400000, guid: 4620f3c93dca8c94c9124d8ba443f43e, type: 3}
      propertyPath: m_LocalPosition.y
      value: 0.86
      objectReference: {fileID: 0}
    - target: {fileID: 400000, guid: 4620f3c93dca8c94c9124d8ba443f43e, type: 3}
      propertyPath: m_LocalPosition.z
      value: -15.63
      objectReference: {fileID: 0}
    - target: {fileID: 400000, guid: 4620f3c93dca8c94c9124d8ba443f43e, type: 3}
      propertyPath: m_LocalRotation.w
      value: 1
      objectReference: {fileID: 0}
    - target: {fileID: 400000, guid: 4620f3c93dca8c94c9124d8ba443f43e, type: 3}
      propertyPath: m_LocalRotation.x
      value: 0
      objectReference: {fileID: 0}
    - target: {fileID: 400000, guid: 4620f3c93dca8c94c9124d8ba443f43e, type: 3}
      propertyPath: m_LocalRotation.y
      value: 0
      objectReference: {fileID: 0}
    - target: {fileID: 400000, guid: 4620f3c93dca8c94c9124d8ba443f43e, type: 3}
      propertyPath: m_LocalRotation.z
      value: 0
      objectReference: {fileID: 0}
    - target: {fileID: 400000, guid: 4620f3c93dca8c94c9124d8ba443f43e, type: 3}
      propertyPath: m_LocalEulerAnglesHint.x
      value: 0
      objectReference: {fileID: 0}
    - target: {fileID: 400000, guid: 4620f3c93dca8c94c9124d8ba443f43e, type: 3}
      propertyPath: m_LocalEulerAnglesHint.y
      value: 0
      objectReference: {fileID: 0}
    - target: {fileID: 400000, guid: 4620f3c93dca8c94c9124d8ba443f43e, type: 3}
      propertyPath: m_LocalEulerAnglesHint.z
      value: 0
      objectReference: {fileID: 0}
    m_RemovedComponents: []
  m_SourcePrefab: {fileID: 100100000, guid: 4620f3c93dca8c94c9124d8ba443f43e, type: 3}
--- !u!4 &3394753244193962028 stripped
Transform:
  m_CorrespondingSourceObject: {fileID: 400000, guid: 4620f3c93dca8c94c9124d8ba443f43e, type: 3}
  m_PrefabInstance: {fileID: 3394753244194349740}
  m_PrefabAsset: {fileID: 0}
--- !u!1001 &3394753244269448772
PrefabInstance:
  m_ObjectHideFlags: 0
  serializedVersion: 2
  m_Modification:
    m_TransformParent: {fileID: 3394753243969910755}
    m_Modifications:
    - target: {fileID: 100002, guid: 95bbe2885334e3c46b79c3419edb469c, type: 3}
      propertyPath: m_StaticEditorFlags
      value: 4294967295
      objectReference: {fileID: 0}
    - target: {fileID: 100004, guid: 95bbe2885334e3c46b79c3419edb469c, type: 3}
      propertyPath: m_StaticEditorFlags
      value: 4294967295
      objectReference: {fileID: 0}
    - target: {fileID: 100006, guid: 95bbe2885334e3c46b79c3419edb469c, type: 3}
      propertyPath: m_Name
      value: GroundObstacles
      objectReference: {fileID: 0}
    - target: {fileID: 100006, guid: 95bbe2885334e3c46b79c3419edb469c, type: 3}
      propertyPath: m_StaticEditorFlags
      value: 4294967295
      objectReference: {fileID: 0}
    - target: {fileID: 400006, guid: 95bbe2885334e3c46b79c3419edb469c, type: 3}
      propertyPath: m_RootOrder
      value: 8
      objectReference: {fileID: 0}
    - target: {fileID: 400006, guid: 95bbe2885334e3c46b79c3419edb469c, type: 3}
      propertyPath: m_LocalPosition.x
      value: 0
      objectReference: {fileID: 0}
    - target: {fileID: 400006, guid: 95bbe2885334e3c46b79c3419edb469c, type: 3}
      propertyPath: m_LocalPosition.y
      value: 0
      objectReference: {fileID: 0}
    - target: {fileID: 400006, guid: 95bbe2885334e3c46b79c3419edb469c, type: 3}
      propertyPath: m_LocalPosition.z
      value: 0
      objectReference: {fileID: 0}
    - target: {fileID: 400006, guid: 95bbe2885334e3c46b79c3419edb469c, type: 3}
      propertyPath: m_LocalRotation.w
      value: 1
      objectReference: {fileID: 0}
    - target: {fileID: 400006, guid: 95bbe2885334e3c46b79c3419edb469c, type: 3}
      propertyPath: m_LocalRotation.x
      value: 0
      objectReference: {fileID: 0}
    - target: {fileID: 400006, guid: 95bbe2885334e3c46b79c3419edb469c, type: 3}
      propertyPath: m_LocalRotation.y
      value: 0
      objectReference: {fileID: 0}
    - target: {fileID: 400006, guid: 95bbe2885334e3c46b79c3419edb469c, type: 3}
      propertyPath: m_LocalRotation.z
      value: 0
      objectReference: {fileID: 0}
    - target: {fileID: 400006, guid: 95bbe2885334e3c46b79c3419edb469c, type: 3}
      propertyPath: m_LocalEulerAnglesHint.x
      value: 0
      objectReference: {fileID: 0}
    - target: {fileID: 400006, guid: 95bbe2885334e3c46b79c3419edb469c, type: 3}
      propertyPath: m_LocalEulerAnglesHint.y
      value: 0
      objectReference: {fileID: 0}
    - target: {fileID: 400006, guid: 95bbe2885334e3c46b79c3419edb469c, type: 3}
      propertyPath: m_LocalEulerAnglesHint.z
      value: 0
      objectReference: {fileID: 0}
    m_RemovedComponents: []
  m_SourcePrefab: {fileID: 100100000, guid: 95bbe2885334e3c46b79c3419edb469c, type: 3}
--- !u!4 &3394753244269843650 stripped
Transform:
  m_CorrespondingSourceObject: {fileID: 400006, guid: 95bbe2885334e3c46b79c3419edb469c, type: 3}
  m_PrefabInstance: {fileID: 3394753244269448772}
  m_PrefabAsset: {fileID: 0}
--- !u!1001 &3394753244497819681
PrefabInstance:
  m_ObjectHideFlags: 0
  serializedVersion: 2
  m_Modification:
    m_TransformParent: {fileID: 3394753243969910755}
    m_Modifications:
    - target: {fileID: 100000, guid: 4620f3c93dca8c94c9124d8ba443f43e, type: 3}
      propertyPath: m_Name
      value: FloorPrototype04x01x04 (1)
      objectReference: {fileID: 0}
    - target: {fileID: 100000, guid: 4620f3c93dca8c94c9124d8ba443f43e, type: 3}
      propertyPath: m_StaticEditorFlags
      value: 4294967295
      objectReference: {fileID: 0}
    - target: {fileID: 400000, guid: 4620f3c93dca8c94c9124d8ba443f43e, type: 3}
      propertyPath: m_RootOrder
      value: 2
      objectReference: {fileID: 0}
    - target: {fileID: 400000, guid: 4620f3c93dca8c94c9124d8ba443f43e, type: 3}
      propertyPath: m_LocalScale.x
      value: 1
      objectReference: {fileID: 0}
    - target: {fileID: 400000, guid: 4620f3c93dca8c94c9124d8ba443f43e, type: 3}
      propertyPath: m_LocalScale.z
      value: 1
      objectReference: {fileID: 0}
    - target: {fileID: 400000, guid: 4620f3c93dca8c94c9124d8ba443f43e, type: 3}
      propertyPath: m_LocalPosition.x
      value: 0
      objectReference: {fileID: 0}
    - target: {fileID: 400000, guid: 4620f3c93dca8c94c9124d8ba443f43e, type: 3}
      propertyPath: m_LocalPosition.y
      value: 0
      objectReference: {fileID: 0}
    - target: {fileID: 400000, guid: 4620f3c93dca8c94c9124d8ba443f43e, type: 3}
      propertyPath: m_LocalPosition.z
      value: 64.2
      objectReference: {fileID: 0}
    - target: {fileID: 400000, guid: 4620f3c93dca8c94c9124d8ba443f43e, type: 3}
      propertyPath: m_LocalRotation.w
      value: 1
      objectReference: {fileID: 0}
    - target: {fileID: 400000, guid: 4620f3c93dca8c94c9124d8ba443f43e, type: 3}
      propertyPath: m_LocalRotation.x
      value: 0
      objectReference: {fileID: 0}
    - target: {fileID: 400000, guid: 4620f3c93dca8c94c9124d8ba443f43e, type: 3}
      propertyPath: m_LocalRotation.y
      value: 0
      objectReference: {fileID: 0}
    - target: {fileID: 400000, guid: 4620f3c93dca8c94c9124d8ba443f43e, type: 3}
      propertyPath: m_LocalRotation.z
      value: 0
      objectReference: {fileID: 0}
    - target: {fileID: 400000, guid: 4620f3c93dca8c94c9124d8ba443f43e, type: 3}
      propertyPath: m_LocalEulerAnglesHint.x
      value: 0
      objectReference: {fileID: 0}
    - target: {fileID: 400000, guid: 4620f3c93dca8c94c9124d8ba443f43e, type: 3}
      propertyPath: m_LocalEulerAnglesHint.y
      value: 0
      objectReference: {fileID: 0}
    - target: {fileID: 400000, guid: 4620f3c93dca8c94c9124d8ba443f43e, type: 3}
      propertyPath: m_LocalEulerAnglesHint.z
      value: 0
      objectReference: {fileID: 0}
    m_RemovedComponents: []
  m_SourcePrefab: {fileID: 100100000, guid: 4620f3c93dca8c94c9124d8ba443f43e, type: 3}
--- !u!4 &3394753244497683105 stripped
Transform:
  m_CorrespondingSourceObject: {fileID: 400000, guid: 4620f3c93dca8c94c9124d8ba443f43e, type: 3}
  m_PrefabInstance: {fileID: 3394753244497819681}
  m_PrefabAsset: {fileID: 0}
--- !u!1001 &3394753244546290175
PrefabInstance:
  m_ObjectHideFlags: 0
  serializedVersion: 2
  m_Modification:
    m_TransformParent: {fileID: 3394753243969910755}
    m_Modifications:
    - target: {fileID: 100000, guid: b321aed21e0872743a175d8dbbe12ac8, type: 3}
      propertyPath: m_Name
      value: JoinOuterPrototype02x06x02
      objectReference: {fileID: 0}
    - target: {fileID: 100000, guid: b321aed21e0872743a175d8dbbe12ac8, type: 3}
      propertyPath: m_StaticEditorFlags
      value: 4294967295
      objectReference: {fileID: 0}
    - target: {fileID: 400000, guid: b321aed21e0872743a175d8dbbe12ac8, type: 3}
      propertyPath: m_RootOrder
      value: 3
      objectReference: {fileID: 0}
    - target: {fileID: 400000, guid: b321aed21e0872743a175d8dbbe12ac8, type: 3}
      propertyPath: m_LocalPosition.x
      value: -17.7
      objectReference: {fileID: 0}
    - target: {fileID: 400000, guid: b321aed21e0872743a175d8dbbe12ac8, type: 3}
      propertyPath: m_LocalPosition.y
      value: 0
      objectReference: {fileID: 0}
    - target: {fileID: 400000, guid: b321aed21e0872743a175d8dbbe12ac8, type: 3}
      propertyPath: m_LocalPosition.z
      value: 0
      objectReference: {fileID: 0}
    - target: {fileID: 400000, guid: b321aed21e0872743a175d8dbbe12ac8, type: 3}
      propertyPath: m_LocalRotation.w
      value: 1
      objectReference: {fileID: 0}
    - target: {fileID: 400000, guid: b321aed21e0872743a175d8dbbe12ac8, type: 3}
      propertyPath: m_LocalRotation.x
      value: 0
      objectReference: {fileID: 0}
    - target: {fileID: 400000, guid: b321aed21e0872743a175d8dbbe12ac8, type: 3}
      propertyPath: m_LocalRotation.y
      value: 0
      objectReference: {fileID: 0}
    - target: {fileID: 400000, guid: b321aed21e0872743a175d8dbbe12ac8, type: 3}
      propertyPath: m_LocalRotation.z
      value: 0
      objectReference: {fileID: 0}
    - target: {fileID: 400000, guid: b321aed21e0872743a175d8dbbe12ac8, type: 3}
      propertyPath: m_LocalEulerAnglesHint.x
      value: 0
      objectReference: {fileID: 0}
    - target: {fileID: 400000, guid: b321aed21e0872743a175d8dbbe12ac8, type: 3}
      propertyPath: m_LocalEulerAnglesHint.y
      value: 0
      objectReference: {fileID: 0}
    - target: {fileID: 400000, guid: b321aed21e0872743a175d8dbbe12ac8, type: 3}
      propertyPath: m_LocalEulerAnglesHint.z
      value: 0
      objectReference: {fileID: 0}
    m_RemovedComponents: []
  m_SourcePrefab: {fileID: 100100000, guid: b321aed21e0872743a175d8dbbe12ac8, type: 3}
--- !u!4 &3394753244546681727 stripped
Transform:
  m_CorrespondingSourceObject: {fileID: 400000, guid: b321aed21e0872743a175d8dbbe12ac8, type: 3}
  m_PrefabInstance: {fileID: 3394753244546290175}
  m_PrefabAsset: {fileID: 0}
